@article{campana2017association,
  title={Association between a maternal history of miscarriages and birth defects},
  author={Campa{\~n}a, Hebe and Rittler, Monica and Gili, Juan A and Poletta, Fernando A and Pawluk, Mariela S and Gim{\'e}nez, Lucas G and Cosentino, Viviana R and Castilla, Eduardo E and Camelo, Jorge S L{\'o}pez},
  journal={Birth defects research},
  volume={109},
  number={4},
  pages={254--261},
  year={2017},
  publisher={Wiley Online Library}
}

@article{alassociation,
  title={Association of HLA-G 14-base pair insertion/deletion polymorphism with breast cancer in Saudi Arabia},
  author={Al Omar, SY and Mansour, L}
}

@article{mishra2019differential,
  title={Differential global and MTHFR gene specific methylation patterns in preeclampsia and recurrent miscarriages: A case-control study from North India},
  author={Mishra, Jyoti and Talwar, Seerat and Kaur, Lovejeet and Chandiok, Ketaki and Yadav, Suniti and Puri, Manju and Sachdeva, MP and Lakshmy, R and Saraswathy, KN},
  journal={Gene},
  volume={704},
  pages={68--73},
  year={2019},
  publisher={Elsevier}
}

@article{wilcken2003geographical,
  title={Geographical and ethnic variation of the 677C> T allele of 5, 10 methylenetetrahydrofolate reductase (MTHFR): findings from over 7000 newborns from 16 areas world wide},
  author={Wilcken, B and Bamforth, F and Li, Z and Zhu, H and Ritvanen, A and Redlund, M and Stoll, C and Alembik, Y and Dott, B and Czeizel, AE and others},
  journal={Journal of medical genetics},
  volume={40},
  number={8},
  pages={619--625},
  year={2003},
  publisher={BMJ Publishing Group Ltd}
}
@article{mei2012defects,
  title={Defects in NKG2D ligand expression result in failed tolerance induction at the maternal--fetal interface: A possible cause for recurrent miscarriage},
  author={Mei, Bing and Zhang, Shui-Rong and Chen, Yong-Ling and Wang, Chang-Fu},
  journal={Medical hypotheses},
  volume={79},
  number={4},
  pages={465--467},
  year={2012},
  publisher={Elsevier}
}

@article{del2011fetal,
  title={Fetal gender ratio in recurrent miscarriages},
  author={Del Fabro, Anna and Driul, Lorenza and Anis, Omar and Londero, Ambrogio P and Bertozzi, Serena and Bortotto, Livio and Marchesoni, Diego},
  journal={International journal of women's health},
  volume={3},
  pages={213},
  year={2011},
  publisher={Dove Press}
}

@article{kano2009gender,
  title={Gender ratio distortion in abortuses and live births from patients with recurrent spontaneous abortion},
  author={Kano, Takashi and Mori, Takahide and Kimura, Akinori},
  journal={American Journal of Reproductive Immunology},
  volume={62},
  number={3},
  pages={125--127},
  year={2009},
  publisher={Wiley Online Library}
}
@incollection{delaney2015analysis,
  title={Analysis of DNA methylation by pyrosequencing},
  author={Delaney, Colin and Garg, Sanjay K and Yung, Raymond},
  booktitle={Immunosenescence},
  pages={249--264},
  year={2015},
  publisher={Springer}
}

@article{kenyon2009effect,
  title={The effect of age on obstetric (maternal and fetal) outcomes},
  author={Kenyon, Anna and Bewley, Susan},
  journal={Reproductive ageing. RCOG Press, London},
  pages={125--40},
  year={2009}
}

@article{mckay2012genetic,
  title={Genetic and non-genetic influences during pregnancy on infant global and site specific DNA methylation: role for folate gene variants and vitamin B12},
  author={McKay, Jill A and Groom, Alexandra and Potter, Catherine and Coneyworth, Lisa J and Ford, Dianne and Mathers, John C and Relton, Caroline L},
  journal={PloS one},
  volume={7},
  number={3},
  pages={e33290},
  year={2012},
  publisher={Public Library of Science}
}

@article{nash2019interaction,
  title={Interaction between plasma homocysteine and the MTHFR c. 677C> T polymorphism is associated with site-specific changes in DNA methylation in humans},
  author={Nash, Alexander J and Mandaviya, Pooja R and Dib, Marie-Joe and Uitterlinden, Andr{\'e} G and van Meurs, Joyce and Heil, Sandra G and Andrew, Toby and Ahmadi, Kourosh R},
  journal={The FASEB Journal},
  volume={33},
  number={1},
  pages={833--843},
  year={2019},
  publisher={Federation of American Societies for Experimental Biology Bethesda, MD, USA}
}
@article{graffelman2015exploring,
  title={Exploring diallelic genetic markers: the hardy weinberg package},
  author={Graffelman, Jan},
  journal={Journal of Statistical Software},
  volume={64},
  number={3},
  pages={1--23},
  year={2015}
}

@article{khan2018evaluating,
  title={Evaluating LINE-1 methylation in cleft lip tissues and its association with early pregnancy exposures},
  author={Khan, Mohammad Faisal J and Little, Julian and Mossey, Peter A and Steegers-Theunissen, R{\'e}gine PM and Autelitano, Luca and Lombardo, Ilenia and Andreasi, Rita Bassi and Rubini, Michele},
  journal={Epigenomics},
  volume={10},
  number={1},
  pages={105--113},
  year={2018},
  publisher={Future Medicine}
}

@article{jacques1996relation,
  title={Relation between folate status, a common mutation in methylenetetrahydrofolate reductase, and plasma homocysteine concentrations},
  author={Jacques, Paul F and Bostom, Andrew G and Williams, Roger R and Ellison, R Curtis and Eckfeldt, John H and Rosenberg, Irwin H and Selhub, Jacob and Rozen, Rima},
  journal={Circulation},
  volume={93},
  number={1},
  pages={7--9},
  year={1996},
  publisher={Am Heart Assoc}
}

@article{tsai2018smoking,
  title={Smoking induces coordinated DNA methylation and gene expression changes in adipose tissue with consequences for metabolic health},
  author={Tsai, Pei-Chien and Glastonbury, Craig A and Eliot, Melissa N and Bollepalli, Sailalitha and Yet, Idil and Castillo-Fernandez, Juan E and Carnero-Montoro, Elena and Hardiman, Thomas and Martin, Tiphaine C and Vickers, Alice and others},
  journal={Clinical epigenetics},
  volume={10},
  number={1},
  pages={126},
  year={2018},
  publisher={Springer}
}

@incollection{bates2011classical,
  title={Classical cytogenetics: karyotyping techniques},
  author={Bates, Steven E},
  booktitle={Human Pluripotent Stem Cells},
  pages={177--190},
  year={2011},
  publisher={Springer}
}

@article{benedum2013risk,
  title={Risk of spina bifida and maternal cigarette, alcohol, and coffee use during the first month of pregnancy},
  author={Benedum, Corey M and Yazdy, Mahsa M and Mitchell, Allen A and Werler, Martha M},
  journal={International journal of environmental research and public health},
  volume={10},
  number={8},
  pages={3263--3281},
  year={2013},
  publisher={Multidisciplinary Digital Publishing Institute}
}


@article{du2019polymorphisms,
  title={Polymorphisms of methalenetetrahydrofolate reductase in recurrent pregnancy loss: an overview of systematic reviews and meta-analyses},
  author={Du, Boran and Shi, Xiangjun and Yin, Chenghong and Feng, Xin},
  journal={Journal of assisted reproduction and genetics},
  pages={1--14},
  year={2019},
  publisher={Springer}
}

@article{sudhir2016cytogenetic,
  title={Cytogenetic analysis in couples with recurrent miscarriages: a retrospective study from Punjab, north India},
  author={Sudhir, Neha and Kaur, Tajinder and Beri, Archana and Kaur, Anupam},
  journal={Journal of genetics},
  volume={95},
  number={4},
  pages={887--894},
  year={2016},
  publisher={Springer}
}

@article{slama2005influence,
  title={Influence of paternal age on the risk of spontaneous abortion},
  author={Slama, R{\'e}my and Bouyer, Jean and Windham, Gayle and Fenster, Laura and Werwatz, Axel and Swan, Shanna H},
  journal={American Journal of Epidemiology},
  volume={161},
  number={9},
  pages={816--823},
  year={2005},
  publisher={Oxford University Press}
}

@article{bray2006advanced,
  title={Advanced paternal age: How old is too old?},
  author={Bray, Isabelle and Gunnell, David and Smith, George Davey},
  journal={Journal of Epidemiology \& Community Health},
  volume={60},
  number={10},
  pages={851--853},
  year={2006},
  publisher={BMJ Publishing Group Ltd}
}
@article{nakhai2011use,
  title={Use of nonaspirin nonsteroidal anti-inflammatory drugs during pregnancy and the risk of spontaneous abortion},
  author={Nakhai-Pour, Hamid Reza and Broy, Perrine and Sheehy, Odile and B{\'e}rard, Anick},
  journal={Cmaj},
  volume={183},
  number={15},
  pages={1713--1720},
  year={2011},
  publisher={Can Med Assoc}
}
@article{oliver2014diagnosis,
  title={Diagnosis and management of miscarriage.},
  author={Oliver, A and Overton, C},
  journal={The Practitioner},
  volume={258},
  number={1771},
  pages={25--8},
  year={2014}
}

@article{yakut2015chromosome,
  title={Chromosome abnormalities identified in 457 spontaneous abortions and their histopathological findings/457 spontan abortus materyalinde tespit edilen kromozomal anomaliler ve histopatolojik bulgular{\i}},
  author={YAkuT, Sezin and TOru, Havva Serap and {\c{C}}eT{\.I}n, Zafer and {\"O}Zel, Deniz and {\c{S}}{\.I}M{\c{S}}ek, Mehmet and MenDIlCIO{\u{g}}lu, {\.I}nan{\c{c}} and L{\"u}leci, G{\"u}ven},
  journal={Turkish Journal of Pathology},
  volume={31},
  number={2},
  pages={111--118},
  year={2015},
  publisher={De Gruyter Open}
}

@book{ISTAT2017,
  title={La salute riproduttiva della donna},
  author={ISTAT},
  year={2017}}
  
@article{magnus2019role,
  title={Role of maternal age and pregnancy history in risk of miscarriage: prospective register based study},
  author={Magnus, Maria C and Wilcox, Allen J and Morken, Nils-Halvdan and Weinberg, Clarice R and H{\aa}berg, Siri E},
  journal={bmj},
  volume={364},
  pages={l869},
  year={2019},
  publisher={British Medical Journal Publishing Group}
}
@article{carp2012autoimmune,
  title={The autoimmune bases of infertility and pregnancy loss},
  author={Carp, Howard JA and Selmi, Carlo and Shoenfeld, Yehuda},
  journal={Journal of autoimmunity},
  volume={38},
  number={2-3},
  pages={J266--J274},
  year={2012},
  publisher={Elsevier}
}


@article{rodriguez2009maternal,
  title={Maternal MTHFR polymorphisms and risk of spontaneous abortion},
  author={Rodr{\'\i}guez-Guill{\'e}n, Mar{\'\i}a del Rosario and Torres-S{\'a}nchez, Luisa and Chen, Jia and Galv{\'a}n-Portillo, Marcia and Blanco-Mu{\~n}oz, Julia and Anaya, Miriam Aracely and Silva-Zolezzi, Irma and Hern{\'a}ndez-Valero, Mar{\'\i}a A and L{\'o}pez-Carrillo, Lizbeth},
  journal={Salud publica de Mexico},
  volume={51},
  pages={19--25},
  year={2009},
  publisher={SciELO Public Health}
}

@article{miceli2005effects,
  title={Effects of nicotine on human luteal cells in vitro: a possible role on reproductive outcome for smoking women},
  author={Miceli, Fiorella and Minici, Francesca and Tropea, Anna and Catino, Stefania and Orlando, Mariateresa and Lamanna, Giuseppina and Sagnella, Francesca and Tiberi, Federica and Bompiani, Adriano and Mancuso, Salvatore and others},
  journal={Biology of reproduction},
  volume={72},
  number={3},
  pages={628--632},
  year={2005},
  publisher={Oxford University Press}
}

@article{ness1999cocaine,
  title={Cocaine and tobacco use and the risk of spontaneous abortion},
  author={Ness, Roberta B and Grisso, Jeane Ann and Hirschinger, Nancy and Markovic, Nina and Shaw, Leslie M and Day, Nancy L and Kline, Jennie},
  journal={New England Journal of Medicine},
  volume={340},
  number={5},
  pages={333--339},
  year={1999},
  publisher={Mass Medical Soc}
}
@article{choi2014spontaneous,
  title={Spontaneous abortion and recurrent miscarriage: A comparison of cytogenetic diagnosis in 250 cases},
  author={Choi, Tae Yeong and Lee, Hye Min and Park, Won Kyoung and Jeong, So Yeong and Moon, Hwa Sook},
  journal={Obstetrics \& gynecology science},
  volume={57},
  number={6},
  pages={518--525},
  year={2014}
}
@article{krabbendam2005thrombophilias,
  title={Thrombophilias and recurrent pregnancy loss: a critical appraisal of the literature},
  author={Krabbendam, Ineke and Franx, Arie and Bots, Michiel L and Fijnheer, Rob and Bruinse, Hein W},
  journal={European Journal of Obstetrics \& Gynecology and Reproductive Biology},
  volume={118},
  number={2},
  pages={143--153},
  year={2005},
  publisher={Elsevier}
}

@article{vivcic2008trisomy,
  title={Trisomy 1 in an early pregnancy failure},
  author={Vi{\v{c}}i{\'c}, Ana and Roje, Damir and Strini{\'c}, Tomislav and Stipoljev, Feodora},
  journal={American Journal of Medical Genetics Part A},
  volume={146},
  number={18},
  pages={2439--2441},
  year={2008},
  publisher={Wiley Online Library}
}

@article{kamkar2018relationship,
  title={The relationship between sperm DNA fragmentation, free radicals and antioxidant capacity with idiopathic repeated pregnancy loss},
  author={Kamkar, Narges and Ramezanali, Fariba and Sabbaghian, Marjan},
  journal={Reproductive biology},
  volume={18},
  number={4},
  pages={330--335},
  year={2018},
  publisher={Elsevier}
}

@article{nelson2015first,
  title={First trimester levels of BV-associated bacteria and risk of miscarriage among women early in pregnancy},
  author={Nelson, Deborah B and Hanlon, Alexandra L and Wu, Guojiao and Liu, Congzhou and Fredricks, David N},
  journal={Maternal and child health journal},
  volume={19},
  number={12},
  pages={2682--2687},
  year={2015},
  publisher={Springer}
}

@inproceedings{arredondo2006endocrinology,
  title={Endocrinology of recurrent pregnancy loss},
  author={Arredondo, Francisco and Noble, Luis S},
  booktitle={Seminars in reproductive medicine},
  volume={24},
  number={01},
  pages={033--039},
  year={2006},
  organization={Copyright{\copyright} 2006 by Thieme Medical Publishers, Inc., 333 Seventh Avenue, New~…}
}
@article{jayasena2019reduced,
  title={Reduced testicular steroidogenesis and increased semen oxidative stress in male partners as novel markers of recurrent miscarriage},
  author={Jayasena, Channa N and Radia, Utsav K and Figueiredo, Monica and Revill, Larissa Franklin and Dimakopoulou, Anastasia and Osagie, Maria and Vessey, Wayne and Regan, Lesley and Rai, Rajendra and Dhillo, Waljit S},
  journal={Clinical chemistry},
  volume={65},
  number={1},
  pages={161--169},
  year={2019},
  publisher={Oxford University Press}
}

@article{van2012genetics,
  title={Genetics of early miscarriage},
  author={van den Berg, Merel MJ and van Maarle, Merel C and van Wely, Madelon and Goddijn, Mari{\"e}tte},
  journal={Biochimica et Biophysica Acta (BBA)-Molecular Basis of Disease},
  volume={1822},
  number={12},
  pages={1951--1959},
  year={2012},
  publisher={Elsevier}
}

@article{gaboon2013recurrent,
  title={Recurrent spontaneous abortion: an overview of genetic backgrounds and impact of male factors: a review},
  author={Gaboon, Nagwa EA},
  journal={International Journal of Human Genetics},
  volume={13},
  number={2},
  pages={79--83},
  year={2013},
  publisher={Taylor \& Francis}
}

@article{garrido2015recurrent,
  title={Recurrent miscarriage: causes, evaluation and management},
  author={Garrido-Gimenez, Carmen and Alijotas-Reig, Jaume},
  journal={Postgraduate medical journal},
  volume={91},
  number={1073},
  pages={151--162},
  year={2015},
  publisher={The Fellowship of Postgraduate Medicine}
}
@article{you2008multiple,
  title={Multiple human papillomavirus types replicate in 3A trophoblasts},
  author={You, H and Liu, Y and Agrawal, N and Prasad, CK and Edwards, JL and Osborne, AF and Korourian, S and Lowery, CL and Hermonat, PL},
  journal={Placenta},
  volume={29},
  number={1},
  pages={30--38},
  year={2008},
  publisher={Elsevier}
}

@book{zanoio2013ginecologia,
  title={Ginecologia e ostetricia},
  author={Zanoio, Livio and Barcellona, Eliana and Zacch{\'e}, Gabrio},
  year={2013},
  publisher={Elsevier Health Sciences}
}


@misc{hil20,
  author = {M.A. Hil},
  title = {{Placenta development}},
  howpublished = "\url{ https : / / embryology . med . unsw . edu . au / embryology / index.php/Lecture_-_Placenta_Development. 2020./}",
  year = {2020}
}

@article{allison2009recurrent,
  title={Recurrent first trimester pregnancy loss: revised definitions and novel causes},
  author={Allison, Jana L and Schust, Danny J},
  journal={Current Opinion in Endocrinology, Diabetes and Obesity},
  volume={16},
  number={6},
  pages={446--450},
  year={2009},
  publisher={LWW}
}

@article{puscheck2007impact,
  title={The impact of male factor on recurrent pregnancy loss},
  author={Puscheck, Elizabeth E and Jeyendran, Rajasingam S},
  journal={Current Opinion in Obstetrics and Gynecology},
  volume={19},
  number={3},
  pages={222--228},
  year={2007},
  publisher={LWW}
}

@article{godderis2015global,
  title={Global methylation and hydroxymethylation in DNA from blood and saliva in healthy volunteers},
  author={Godderis, Lode and Schouteden, Caroline and Tabish, Ali and Poels, Katrien and Hoet, Peter and Baccarelli, Andrea A and Van Landuyt, Kirsten},
  journal={BioMed research international},
  volume={2015},
  year={2015},
  publisher={Hindawi}
}

@article{perrin2007specific,
  title={Specific hypermethylation of LINE-1 elements during abnormal overgrowth and differentiation of human placenta},
  author={Perrin, D and Ballestar, E and Fraga, MF and Frappart, L and Esteller, M and Guerin, JF and Dante, R},
  journal={Oncogene},
  volume={26},
  number={17},
  pages={2518--2524},
  year={2007},
  publisher={Nature Publishing Group}
}

@article{breton2009prenatal,
  title={Prenatal tobacco smoke exposure affects global and gene-specific DNA methylation},
  author={Breton, Carrie V and Byun, Hyang-Min and Wenten, Made and Pan, Fei and Yang, Allen and Gilliland, Frank D},
  journal={American journal of respiratory and critical care medicine},
  volume={180},
  number={5},
  pages={462--467},
  year={2009},
  publisher={American Thoracic Society}
}

@article{jin2009different,
  title={Different histological types of non-small cell lung cancer have distinct folate and DNA methylation levels},
  author={Jin, MingJi and Kawakami, Kazuyuki and Fukui, Yousuke and Tsukioka, Sayaka and Oda, Makoto and Watanabe, Go and Takechi, Teiji and Oka, Toshinori and Minamoto, Toshinari},
  journal={Cancer science},
  volume={100},
  number={12},
  pages={2325--2330},
  year={2009},
  publisher={Wiley Online Library}
}

@article{agodi2015low,
  title={Low fruit consumption and folate deficiency are associated with LINE-1 hypomethylation in women of a cancer-free population},
  author={Agodi, Antonella and Barchitta, Martina and Quattrocchi, Annalisa and Maugeri, Andrea and Canto, Carolina and Marchese, Anna Elisa and Vinciguerra, Manlio},
  journal={Genes \& nutrition},
  volume={10},
  number={5},
  pages={30},
  year={2015},
  publisher={SpringerOpen}
}

@article{he2014transition,
  title={Transition of LINE-1 DNA methylation status and altered expression in first and third trimester placentas},
  author={He, Zhi-ming and Li, Jinping and Hwa, Yi Lisa and Brost, Brian and Fang, Qun and Jiang, Shi-Wen},
  journal={PloS one},
  volume={9},
  number={5},
  year={2014},
  publisher={Public Library of Science}
}

@inproceedings{hunter2017oocyte,
  title={Oocyte quality control: causes, mechanisms, and consequences},
  author={Hunter, Neil},
  booktitle={Cold Spring Harbor symposia on quantitative biology},
  volume={82},
  pages={235--247},
  year={2017},
  organization={Cold Spring Harbor Laboratory Press}
}

@article{fa2016assessment,
  title={Assessment of global DNA methylation in the first trimester fetal tissues exposed to maternal cigarette smoking},
  author={Fa, Svetlana and Larsen, Trine Vilsb{\o}ll and Bilde, Katrine and Daugaard, Tina F and Ernst, Emil H and Olesen, Rasmus H and Mamsen, Linn S and Ernst, Erik and Larsen, Agnete and Nielsen, Anders L},
  journal={Clinical epigenetics},
  volume={8},
  number={1},
  pages={128},
  year={2016},
  publisher={BioMed Central}
}

@article{shulman1990direct,
  title={Direct analysis of uncultured cytotrophoblastic cells from second-and third-trimester placentas: An accurate and rapid method for detection of fetal chromosome abnormalities},
  author={Shulman, Lee P and Tharapel, Avirachan T and Meyers, Carole M and Phillips, Owen P and Simpson, Joe Leigh and Elias, Sherman},
  journal={American journal of obstetrics and gynecology},
  volume={163},
  number={5},
  pages={1606--1609},
  year={1990},
  publisher={Elsevier}
}

@article{stanghellini2006quantitation,
  title={Quantitation of fetal DNA in maternal serum during the first trimester of pregnancy by the use of a DAZ repetitive probe},
  author={Stanghellini, I and Bertorelli, R and Capone, L and Mazza, V and Neri, C and Percesepe, Antonio and Forabosco, Antonino},
  journal={Molecular human reproduction},
  volume={12},
  number={9},
  pages={587--591},
  year={2006},
  publisher={Oxford University Press}
}

@article{you2008multiple,
  title={Multiple human papillomavirus types replicate in 3A trophoblasts},
  author={You, H and Liu, Y and Agrawal, N and Prasad, CK and Edwards, JL and Osborne, AF and Korourian, S and Lowery, CL and Hermonat, PL},
  journal={Placenta},
  volume={29},
  number={1},
  pages={30--38},
  year={2008},
  publisher={Elsevier}
}

@article{ardeljan2017human,
  title={The human long interspersed element-1 retrotransposon: an emerging biomarker of neoplasia},
  author={Ardeljan, Daniel and Taylor, Martin S and Ting, David T and Burns, Kathleen H},
  journal={Clinical chemistry},
  volume={63},
  number={4},
  pages={816--822},
  year={2017},
  publisher={Oxford University Press}
}

@article{ueland2001biological,
  title={Biological and clinical implications of the MTHFR C677T polymorphism},
  author={Ueland, Per Magne and Hustad, Steinar and Schneede, J{\o}rn and Refsum, Helga and Vollset, Stein Emil},
  journal={Trends in pharmacological sciences},
  volume={22},
  number={4},
  pages={195--201},
  year={2001},
  publisher={Elsevier}
}

@article{liew2015methylenetetrahydrofolate,
  title={Methylenetetrahydrofolate reductase (MTHFR) C677T polymorphism: epidemiology, metabolism and the associated diseases},
  author={Liew, Siaw-Cheok and Gupta, Esha Das},
  journal={European journal of medical genetics},
  volume={58},
  number={1},
  pages={1--10},
  year={2015},
  publisher={Elsevier}
}

@article{goyette1994human,
  title={Human methylenetetrahydrofolate reductase: isolation of cDNA, mapping and mutation identification},
  author={Goyette, Philippe and Sumner, James S and Milos, Renate and Duncan, Alessandra MV and Rosenblatt, David S and Matthews, Rowena G and Rozen, Rima},
  journal={Nature genetics},
  volume={7},
  number={2},
  pages={195--200},
  year={1994},
  publisher={Nature Publishing Group}
}

@article{salimi2015early,
  title={The early-onset preeclampsia is associated with MTHFR and FVL polymorphisms},
  author={Salimi, Saeedeh and Saravani, Mohsen and Yaghmaei, Minoo and Fazlali, Zeinab and Mokhtari, Mojgan and Naghavi, Anoosh and Farajian-Mashhadi, Farzaneh},
  journal={Archives of gynecology and obstetrics},
  volume={291},
  number={6},
  pages={1303--1312},
  year={2015},
  publisher={Springer}
}

@article{camprubi2013lack,
  title={Lack of association of MTHFR rs1801133 polymorphism and CTCFL mutations with sperm methylation errors in infertile patients},
  author={Camprub{\'\i}, Cristina and Pladevall, Marta and Grossmann, Mark and Garrido, Nicol{\'a}s and Pons, Maria C and Blanco, Joan},
  journal={Journal of assisted reproduction and genetics},
  volume={30},
  number={9},
  pages={1125--1131},
  year={2013},
  publisher={Springer}
}

@article{kim2006influence,
  title={Influence of combined methylenetetrahydrofolate reductase (MTHFR) and thymidylate synthase enhancer region (TSER) polymorphisms to plasma homocysteine levels in Korean patients with recurrent spontaneous abortion},
  author={Kim, Nam Keun and Choi, Yoon Kyung and Kang, Myung Seo and Choi, Dong Hee and Cha, Sun Hee and An, Myung Ok and Lee, Suman and Jeung, Mingull and Ko, Jung Jae and Oh, Doyeun},
  journal={Thrombosis research},
  volume={117},
  number={6},
  pages={653--658},
  year={2006},
  publisher={Elsevier}
}

@article{goddijn2000genetic,
  title={Genetic aspects of miscarriage},
  author={Goddijn, M and Leschot, NJ},
  journal={BEST PRACTICE AND RESEARCH IN CLINICAL OBSTETRICS AND GYNAECOLOGY},
  volume={14},
  number={5},
  pages={855--865},
  year={2000},
  publisher={BAILLERE TINDALL}
} 

@article{biswas2008recurrent,
  title={Recurrent abortions in Asian Indians: no role of factor V Leiden Hong Kong/Cambridge mutation and MTHFR polymorphism},
  author={Biswas, Arijit and Choudhry, Priya and Mittal, Anuradha and Meena, Arvind and Ranjan, Ravi and Choudhry, VP and Saxena, Renu},
  journal={Clinical and Applied Thrombosis/Hemostasis},
  volume={14},
  number={1},
  pages={102--104},
  year={2008},
  publisher={Sage Publications Sage CA: Los Angeles, CA}
}

@article{foka2000factor,
  title={Factor V Leiden and prothrombin G20210A mutations, but not methylenetetrahydrofolate reductase C677T, are associated with recurrent miscarriages},
  author={Foka, ZJ and Lambropoulos, AF and Saravelos, H and Karas, GB and Karavida, A and Agorastos, T and Zournatzi, V and Makris, PE and Bontis, J and Kotsis, A},
  journal={Human Reproduction},
  volume={15},
  number={2},
  pages={458--462},
  year={2000},
  publisher={Oxford University Press}
}

@article{zhang2017maternal,
  title={Maternal common variant rs2305957 spanning PLK4 is associated with blastocyst formation and early recurrent miscarriage},
  author={Zhang, Qian and Li, Guangyu and Zhang, Lei and Sun, Xiaohe and Zhang, Dandan and Lu, Juanjuan and Ma, Jinlong and Yan, Junhao and Chen, Zi-Jiang},
  journal={Fertility and sterility},
  volume={107},
  number={4},
  pages={1034--1040},
  year={2017},
  publisher={Elsevier}
}

@article{ammon2012systematic,
  title={A systematic review to calculate background miscarriage rates using life table analysis},
  author={Ammon Avalos, Lyndsay and Galindo, Claudia and Li, De-Kun},
  journal={Birth Defects Research Part A: Clinical and Molecular Teratology},
  volume={94},
  number={6},
  pages={417--423},
  year={2012},
  publisher={Wiley Online Library}
}

@article{coppede2009complex,
  title={The complex relationship between folate/homocysteine metabolism and risk of Down syndrome},
  author={Copped{\`e}, Fabio},
  journal={Mutation Research/Reviews in Mutation Research},
  volume={682},
  number={1},
  pages={54--70},
  year={2009},
  publisher={Elsevier}
}

@article{mccoy2015common,
  title={Common variants spanning PLK4 are associated with mitotic-origin aneuploidy in human embryos},
  author={McCoy, Rajiv C and Demko, Zachary and Ryan, Allison and Banjevic, Milena and Hill, Matthew and Sigurjonsson, Styrmir and Rabinowitz, Matthew and Fraser, Hunter B and Petrov, Dmitri A},
  journal={Science},
  volume={348},
  number={6231},
  pages={235--238},
  year={2015},
  publisher={American Association for the Advancement of Science}
}

@article{nowak2016possible,
  title={Possible role of HLA-G, LILRB1 and KIR2DL4 gene polymorphisms in spontaneous miscarriage},
  author={Nowak, Izabela and Malinowski, Andrzej and Barcz, Ewa and Wilczy{\'n}ski, Jacek R and Wagner, Marta and Majorczyk, Edyta and Motak-Pochrz{\k{e}}st, Hanna and Banasik, Ma{\l}gorzata and Ku{\'s}nierczyk, Piotr},
  journal={Archivum immunologiae et therapiae experimentalis},
  volume={64},
  number={6},
  pages={505--514},
  year={2016},
  publisher={Springer}
}
@article{andersen2000maternal,
  title={Maternal age and fetal loss: population based register linkage study},
  author={Andersen, Anne-Marie Nybo and Wohlfahrt, Jan and Christens, Peter and Olsen, J{\o}rn and Melbye, Mads},
  journal={Bmj},
  volume={320},
  number={7251},
  pages={1708--1712},
  year={2000},
  publisher={British Medical Journal Publishing Group}
}

@book{cunningham2014williams,
  title={Williams obstetrics, 24e},
  author={Cunningham, F and Leveno, Kenneth and Bloom, Steven and Spong, Catherine Y and Dashe, Jodi},
  year={2014},
  publisher={Mcgraw-hill}
}

@article{clarke2011basic,
  title={Basic statistical analysis in genetic case-control studies},
  author={Clarke, Geraldine M and Anderson, Carl A and Pettersson, Fredrik H and Cardon, Lon R and Morris, Andrew P and Zondervan, Krina T},
  journal={Nature protocols},
  volume={6},
  number={2},
  pages={121--133},
  year={2011},
  publisher={Nature Publishing Group}
}

@article{castelli2014insights,
  title={Insights into HLA-G genetics provided by worldwide haplotype diversity},
  author={Castelli, Erick C and Ramalho, Jaqueline and Porto, Iane OP and Lima, Th{\'a}litta HA and Fel{\'\i}cio, Leandro P and Sabbagh, Audrey and Donadi, Eduardo A and Mendes-Junior, Celso T},
  journal={Frontiers in immunology},
  volume={5},
  pages={476},
  year={2014},
  publisher={Frontiers}
}
@article{arjmand2016balance,
  title={The balance of the immune system between HLA-G and NK cells in unexplained recurrent spontaneous abortion and polymorphisms analysis},
  author={Arjmand, Fateme and Ghasemi, Nasrin and Mirghanizadeh, Seyed Ali and Samadi, Morteza},
  journal={Immunologic research},
  volume={64},
  number={3},
  pages={785--790},
  year={2016},
  publisher={Springer}
}

@article{hayashi2013genotyping,
  title={Genotyping analyses for polymorphisms of ANXA5 gene in patients with recurrent pregnancy loss},
  author={Hayashi, Yuko and Sasaki, Hidefumi and Suzuki, Sadao and Nishiyama, Takeshi and Kitaori, Tamao and Mizutani, Eita and Suzumori, Nobuhiro and Sugiura-Ogasawara, Mayumi},
  journal={Fertility and sterility},
  volume={100},
  number={4},
  pages={1018--1024},
  year={2013},
  publisher={Elsevier}
}


@article{zhang2017association,
  title={The association between annexin A5 (ANXA5) gene polymorphism and left ventricular hypertrophy (LVH) in Chinese endogenous hypertension patients},
  author={Zhang, Bei and Zeng, Xianchun and Xu, Yini and Zhang, Yanyan and Huang, Niwen and Gu, Ying and Shen, Xiangchun and Liu, Xingde},
  journal={Medicine},
  volume={96},
  number={44},
  year={2017},
  publisher={Wolters Kluwer Health}
}


@article{thaxton2013nkg2d,
  title={NKG2D blockade inhibits poly (I: C)-triggered fetal loss in wild type but not in IL-10-/- mice},
  author={Thaxton, Jessica E and Nevers, Tania and Lippe, Eliana O and Blois, Sandra M and Saito, Shigeru and Sharma, Surendra},
  journal={The Journal of Immunology},
  volume={190},
  number={7},
  pages={3639--3647},
  year={2013},
  publisher={Am Assoc Immnol}
}

@article{zhang2008expressions,
  title={Expressions of natural cytotoxicity receptors and NKG2D on decidual natural killer cells in patients having spontaneous abortions},
  author={Zhang, Yu and Zhao, Aimin and Wang, Xipeng and Shi, Guiying and Jin, Huifang and Lin, Qide},
  journal={Fertility and sterility},
  volume={90},
  number={5},
  pages={1931--1937},
  year={2008},
  publisher={Elsevier}
}

@article{cochery2009interleukin,
  title={Interleukin 10 gene promoter polymorphisms in women with pregnancy loss: preferential association with embryonic wastage},
  author={Cochery-Nouvellon, Eva and Nguyen, Philippe and Attaoua, Redha and Cornillet-Lefebvre, Pascale and Mercier, Eric and Vitry, Fabien and Gris, Jean-Christophe},
  journal={Biology of reproduction},
  volume={80},
  number={6},
  pages={1115--1120},
  year={2009},
  publisher={Oxford University Press}
}

@article{qaddourah201410,
  title={IL-10 gene promoter and intron polymorphisms and changes in IL-10 secretion in women with idiopathic recurrent miscarriage},
  author={Qaddourah, RH and Magdoud, K and Saldanha, FL and Mahmood, N and Mustafa, FE and Mahjoub, T and Almawi, WY},
  journal={Human reproduction},
  volume={29},
  number={5},
  pages={1025--1034},
  year={2014},
  publisher={Oxford University Press}
}

@article{misra2016association,
  title={Association of functional genetic variants of CTLA4 with reduced serum CTLA4 protein levels and increased risk of idiopathic recurrent miscarriages},
  author={Misra, Maneesh Kumar and Mishra, Aditi and Phadke, Shubha R and Agrawal, Suraksha},
  journal={Fertility and sterility},
  volume={106},
  number={5},
  pages={1115--1123},
  year={2016},
  publisher={Elsevier}
}

@article{xu2018polymorphisms,
  title={Polymorphisms of F2, PROC, PROZ, and F13A1 genes are associated with recurrent spontaneous abortion in Chinese Han women},
  author={Xu, Zuying and Zhang, Ying and Liu, Wei and Liu, Yunyun and Su, Yezhou and Xing, Qiong and He, Xiaojin and Wei, Zhaolian and Cao, Yunxia and Xiang, Huifen},
  journal={Clinical and Applied Thrombosis/Hemostasis},
  volume={24},
  number={6},
  pages={894--900},
  year={2018},
  publisher={SAGE Publications Sage CA: Los Angeles, CA}
}

@article{engel2006polymorphisms,
  title={Polymorphisms in folate metabolizing genes and risk for spontaneous preterm and small-for-gestational age birth},
  author={Engel, Stephanie M and Olshan, Andrew F and Siega-Riz, Anna Maria and Savitz, David A and Chanock, Stephen J},
  journal={American journal of obstetrics and gynecology},
  volume={195},
  number={5},
  pages={1231--e1},
  year={2006},
  publisher={Elsevier}
}

@article{hizem2014polymorphisms,
  title={Polymorphisms in Genes Coding for the NK-Cell Receptor NKG 2D and its Ligand MICA in Recurrent Miscarriage},
  author={Hizem, Sondes and Mtiraoui, Nabil and Massaoudi, Safia and Fortier, Catherine and Boukouaci, Wahid and Kahina, Amokrane and Charron, Dominique and Mahjoub, Touhami and Tamouza, Ryad},
  journal={American Journal of Reproductive Immunology},
  volume={72},
  number={6},
  pages={577--585},
  year={2014},
  publisher={Wiley Online Library}
}

@article{gu2016association,
  title={Association of interleukin-10 gene promoter polymorphisms with recurrent pregnancy loss: a meta-analysis},
  author={Gu, Chongjuan and Gong, Hongxia and Zhang, Zheng and Yang, Zhao and Ma, Yongxin},
  journal={Journal of assisted reproduction and genetics},
  volume={33},
  number={7},
  pages={907--917},
  year={2016},
  publisher={Springer}
}

@article{su2016association,
  title={Association of interleukin-10 gene promoter polymorphisms with recurrent miscarriage: a meta-analysis},
  author={Su, Duo and Zhang, Yeye and Wang, Qingqin and Wang, Jing and Jiao, Baoquan and Wang, Gang and Wu, Xiaohua},
  journal={American Journal of Reproductive Immunology},
  volume={76},
  number={2},
  pages={172--180},
  year={2016},
  publisher={Wiley Online Library}
}

@article{zhang2018synergic,
  title={The synergic effects of CTLA-4/Foxp3-related genotypes and chromosomal aberrations on the risk of recurrent spontaneous abortion among a Chinese Han population},
  author={Zhang, Juanjuan and Cui, Yu and Wang, Chaoyun and Xie, Yongjun and Wang, Qiurong and Wu, Libing and others},
  journal={Journal of human genetics},
  volume={63},
  number={5},
  pages={579--587},
  year={2018},
  publisher={Nature Publishing Group}
}

@article{mckay2012genetic,
  title={Genetic and non-genetic influences during pregnancy on infant global and site specific DNA methylation: role for folate gene variants and vitamin B12},
  author={McKay, Jill A and Groom, Alexandra and Potter, Catherine and Coneyworth, Lisa J and Ford, Dianne and Mathers, John C and Relton, Caroline L},
  journal={PloS one},
  volume={7},
  number={3},
  pages={e33290},
  year={2012},
  publisher={Public Library of Science}
}

@article{boyles2006neural,
  title={Neural tube defects and folate pathway genes: family-based association tests of gene--gene and gene--environment interactions},
  author={Boyles, Abee L and Billups, Ashley V and Deak, Kristen L and Siegel, Deborah G and Mehltretter, Lorraine and Slifer, Susan H and Bassuk, Alexander G and Kessler, John A and Reed, Michael C and Nijhout, H Frederik and others},
  journal={Environmental health perspectives},
  volume={114},
  number={10},
  pages={1547--1552},
  year={2006},
  publisher={National Institute of Environmental Health Sciences}
}

@article{coppede2015genetics,
  title={The genetics of folate metabolism and maternal risk of birth of a child with Down syndrome and associated congenital heart defects},
  author={Copped{\`e}, Fabio},
  journal={Frontiers in genetics},
  volume={6},
  pages={223},
  year={2015},
  publisher={Frontiers}
}

@article{kasak2017copy,
  title={Copy number variation profile in the placental and parental genomes of recurrent pregnancy loss families},
  author={Kasak, Laura and Rull, Kristiina and S{\~o}ber, Siim and Laan, Maris},
  journal={Scientific reports},
  volume={7},
  pages={45327},
  year={2017},
  publisher={Nature Publishing Group}
}
@article{li2019association,
  title={Association of hypertensive disorders of pregnancy risk and factor V Leiden mutation: A meta-analysis},
  author={Li, Yuan and Ruan, Yan},
  journal={Journal of Obstetrics and Gynaecology Research},
  volume={45},
  number={7},
  pages={1303--1310},
  year={2019},
  publisher={Wiley Online Library}
}

@article{glotov2016detection,
  title={Detection of human genome mutations associated with pregnancy complications using 3-D microarray based on macroporous polymer monoliths},
  author={Glotov, AS and Sinitsyna, ES and Danilova, MM and Vashukova, ES and Walter, JG and Stahl, F and Baranov, VS and Vlakh, EG and Tennikova, TB},
  journal={Talanta},
  volume={147},
  pages={537--546},
  year={2016},
  publisher={Elsevier}
}

@article{dissanayake2012candidate,
  title={Candidate gene study of genetic thrombophilic polymorphisms in pre-eclampsia and recurrent pregnancy loss in Sinhalese women},
  author={Dissanayake, Vajira HW and Sirisena, Nirmala D and Weerasekera, Lakshini Y and Gammulla, Chumithri G and Seneviratne, Harshalal R and Jayasekara, Rohan W},
  journal={Journal of Obstetrics and Gynaecology Research},
  volume={38},
  number={9},
  pages={1168--1176},
  year={2012},
  publisher={Wiley Online Library}
}